<?xml version="1.0" encoding="UTF-8"?><collection xmlns="http://www.loc.gov/MARC21/slim"><record><leader>00308nam--2200121-i-4500</leader><controlfield tag="001">000030218</controlfield><controlfield tag="002">20161230</controlfield><controlfield tag="005">20161230201038</controlfield><controlfield tag="008">060222s1000------------r-----000-0-eng-d</controlfield><datafield ind1=" " ind2=" " tag="080"><subfield code="a">10102</subfield></datafield><datafield ind1=" " ind2=" " tag="100"><subfield code="a">Lumsden, John</subfield></datafield><datafield ind1=" " ind2=" " tag="245"><subfield code="a">Thermodynamics of alloys</subfield></datafield><datafield ind1=" " ind2=" " tag="260"><subfield code="a">London, The Institute Of Metals, 1952, Xvi + 384p</subfield></datafield></record></collection>